<collection xmlns="http://www.loc.gov/MARC21/slim">
<record>
  <leader>01515nam0a22003011i 450 </leader>
  <controlfield tag="001">IT\ICCU\CNCE\018109</controlfield>
  <controlfield tag="005">20050214000000.0</controlfield>
  <datafield tag="012" ind1=" " ind2=" ">
    <subfield code="a">e.o- 94u- g.,&amp; Quci (3) 1587 (R)</subfield>
    <subfield code="2">fei</subfield>
  </datafield>
  <datafield tag="100" ind1=" " ind2=" ">
    <subfield code="a">19970101d1587        0itac0103    ba</subfield>
  </datafield>
  <datafield tag="101" ind1=" " ind2=" ">
    <subfield code="a">LAT</subfield>
  </datafield>
  <datafield tag="102" ind1=" " ind2=" ">
    <subfield code="a">IT</subfield>
  </datafield>
  <datafield tag="200" ind1="1" ind2=" ">
    <subfield code="a">℗Henrici de Segusio ℗Summa aurea ad vetistissimos Codices ...collata ... Cum antiquis Nicolai Superantii, atque eruditis recens ex Summa f. Martini Abbatis ... celeberimi Azonis &amp; Accursij adiectis adnotationibus</subfield>
  </datafield>
  <datafield tag="210" ind1=" " ind2=" ">
    <subfield code="a">Venetiis</subfield>
    <subfield code="c">apud Valerium Bonellum</subfield>
    <subfield code="d">1587</subfield>
  </datafield>
  <datafield tag="215" ind1=" " ind2=" ">
    <subfield code="a">\14! c., 1952 col.</subfield>
    <subfield code="d">fol</subfield>
  </datafield>
  <datafield tag="300" ind1=" " ind2=" ">
    <subfield code="a">E&apos; la 18108 (ha scritto la Biblioteca e ha mandato fot. di front. e coloph)</subfield>
  </datafield>
  <datafield tag="620" ind1=" " ind2=" ">
    <subfield code="a">IT</subfield>
    <subfield code="d">Venezia</subfield>
  </datafield>
  <datafield tag="700" ind1=" " ind2="0">
    <subfield code="a">Enrico</subfield>
    <subfield code="c"> : da#Susa</subfield>
    <subfield code="3">IT\ICCU\CNCA\005071</subfield>
  </datafield>
  <datafield tag="702" ind1=" " ind2="1">
    <subfield code="a">Soranzo,</subfield>
    <subfield code="b"></subfield>
    <subfield code="3">IT\ICCU\CNCA\000010</subfield>
  </datafield>
  <datafield tag="712" ind1="0" ind2="0">
    <subfield code="a">Bonelli, Valerio</subfield>
    <subfield code="3">IT\ICCU\CNCT\000759</subfield>
    <subfield code="4">650</subfield>
  </datafield>
  <datafield tag="790" ind1=" " ind2="1">
    <subfield code="a">Bartholomaeis,</subfield>
    <subfield code="b">Henricus : de</subfield>
    <subfield code="3">IT\ICCU\CNCA\007712</subfield>
    <subfield code="z">Enrico : da#Susa</subfield>
  </datafield>
  <datafield tag="790" ind1=" " ind2="1">
    <subfield code="a">Bartolomei,</subfield>
    <subfield code="b">Enrico</subfield>
    <subfield code="3">IT\ICCU\CNCA\007732</subfield>
    <subfield code="z">Enrico : da#Susa</subfield>
  </datafield>
  <datafield tag="790" ind1=" " ind2="0">
    <subfield code="a">Ostiense</subfield>
    <subfield code="3">IT\ICCU\CNCA\014126</subfield>
    <subfield code="z">Enrico : da#Susa</subfield>
  </datafield>
  <datafield tag="790" ind1=" " ind2="0">
    <subfield code="a">Henricus</subfield>
    <subfield code="c"> : de#Segusio</subfield>
    <subfield code="3">IT\ICCU\CNCA\014338</subfield>
    <subfield code="z">Enrico : da#Susa</subfield>
  </datafield>
  <datafield tag="790" ind1=" " ind2="1">
    <subfield code="a">Hostiensis,</subfield>
    <subfield code="b">Henricus : de#Segusia</subfield>
    <subfield code="3">IT\ICCU\CNCA\014430</subfield>
    <subfield code="z">Enrico : da#Susa</subfield>
  </datafield>
  <datafield tag="790" ind1=" " ind2="1">
    <subfield code="a">Superantius,</subfield>
    <subfield code="b">Nicolaus</subfield>
    <subfield code="3">IT\ICCU\CNCA\005072</subfield>
    <subfield code="z"></subfield>
  </datafield>
  <datafield tag="791" ind1="0" ind2="0">
    <subfield code="a">Bonellus, Valerius</subfield>
    <subfield code="3">IT\ICCU\CNCT\004715</subfield>
    <subfield code="z">Bonelli, Valerio</subfield>
  </datafield>
  <datafield tag="801" ind1=" " ind2="3">
    <subfield code="a">IT</subfield>
    <subfield code="b">ICCU</subfield>
    <subfield code="c">20201114</subfield>
  </datafield>
  <datafield tag="899" ind1=" " ind2=" ">
    <subfield code="a">Biblioteca comunale Lancia di Brolo. Polizzi Generosa</subfield>
    <subfield code="1">PA0178</subfield>
    <subfield code="2">PAL 57</subfield>
  </datafield>
</record>
</collection>
